
@article{Denning:1976,
  author = {Dorthy Denning},
  title = {A Lattice Model of Secure Information Flow},
  journal = {Communications of the ACM},
  year = {1976},
  month = {May},
  volume = {19},
  number = {5},
  pages = {236--243},
  publisher = {ACM},
  address = {New York, NY, USA},
}

@article{Denning:1977,
  author = {Dorothy E. Denning and Peter J. Denning},
  title = {Certification of Programs for Secure Information Flow},
  journal = {Communications of the ACM},
  volume = {20},
  number = {7},
  year = {1977},
  issn = {0001-0782},
  pages = {504--513},
  doi = {http://doi.acm.org/10.1145/359636.359712},
  publisher = {ACM},
  address = {New York, NY, USA},
 }


@article{Andrews:1980,
  author = {Gregory R. Andrews and Richard P. Reitman},
  title = {An Axiomatic Approach to Information Flow in Programs},
  journal = {ACM Transactions on Programming Languages and Systems},
  year = {1980},
  month = {Jan},
  volume = {2},
  number = {1},
  pages = {56-76},
}

@article{Strom:1986,
  author = {R.E. Strom and S. Yemini},
  title = {Typestate: A Programming Language Concept for Enhancing Software Reliability},
  journal = {IEEE Transactions on Software Engineering},
  year = {1986},
  month = {Jan},
  volume = {12},
  number = {1},
  pages = {157--171}
}

@inproceedings{Banatre:1994,
  author = {Jean-Pierre Banatre and Ciaran Bryce and Daniel Le Metayer},
  title = {Compile-Time Detection of Information Flow in Sequential Programs},
  booktitle = {Proceedings of the Third European Symposium on Research in Computer Security},
  year = {1994},
  publisher = {Springer-Verlag},
  pages = {55-73},
}

@article{Volpano:1996,
  author = {Dennis Volpano and Cynthia Irvine and Geoffrey Smith},
  title = {A Sound Type System for Secure Flow Analysis},
  journal = {Journal of Computer Security},
  year = {1996},
  month = {Jan},
  volume = {4},
  number = {2--3},
  pages = {167-187},
  issn = {0926-227X},
  publisher = {IOS Press},
}

@inproceedings{Volpano:1997,
  author = {Dennis M. Volpano and Geoffrey Smith},
  title = {A Type-Based Approach to Program Security},
  booktitle = {Proceedings of the 7th International Joint Conference CAAP/FASE on Theory and Practice of Software Development},
  year = {1997},
  publisher = {Springer-Verlag},
  pages = {607--621},
}


@article{Sabelfield:2003,
  author = {Andrei Sabelfield and Andrew C. Myers},
  title = {Language-Based Information-Flow Security},
  journal = {IEEE Journal on Selected Areas in Communications},
  year = {2003},
  month = {Jan},
  volume = {21},
  number = {1},
}

@inproceedings{Huang:2004,
  author = {Yao-Wen Huang and Fang Yu and Christian Hang and Chung-Hung Tsai and Der-Tsai Lee and Sy-Yen Kuo},
  title = {Securing Web Application Code by Static Analysis and Runtime Protection},
  booktitle = {Proceedings of the 13th International Conference on World Wide Web},
  year = {2004},
  publisher = {ACM Press},
  pages = {40--52},
}

@inproceedings{Zdancewic:2004,
  author = {Steve Zdancewic},
  title = {Challenges for Information-flow Security},
  booktitle = {Proceedings of the 1st International Workshop on the Programming Language Interference and Dependence},
  year = {2004},
}

@article{Myers:2006,
  author = {Andrew C. Myers and Andrei Sabelfeld and Steve Zdancewic},
  title = {Enforcing Robust Declassification and Qualified Robustness},
  journal = {Journal of Computer Security},
  volume = {14},
  number = {2},
  year = {2006},
  issn = {0926-227X},
  pages = {157--196},
  publisher = {IOS Press},
  address = {Amsterdam, The Netherlands, The Netherlands},
}

@article{Tse:2007,
  author = {Stephen Tse and Steve Zdancewic},
  title = {Run-time Principals in Information-flow Type Systems},
  journal = {{ACM} Transactions on Programming Languages and Systems},
  volume = {30},
  number = {1},
  year = {2007},
  issn = {0164-0925},
  pages = {6},
  doi = {http://doi.acm.org/10.1145/1290520.1290526},
  publisher = {ACM},
  address = {New York, NY, USA},
}

@misc{ASIS,
  title = {Ada Semantic Interface Specification},
  url = {http://www.foo.bar},
}
